@article{Gates1956,
  doi = {10.1021/ja01588a033},
  year  = {1956},
  month = {4},
  publisher = {American Chemical Society ({ACS})},
  volume = {78},
  number = {7},
  pages = {1380--1393},
  author = {Marshall Gates and Gilg Tschudi},
  title = {The Synthesis of Morphine},
  journal = {Journal of the American Chemical Society}
}

@article{Uchida2006,
  doi = {10.1021/ol062112m},
  year  = {2006},
  month = {11},
  publisher = {American Chemical Society ({ACS})},
  volume = {8},
  number = {23},
  pages = {5311--5313},
  author = {Kenji Uchida and Satoshi Yokoshima and Toshiyuki Kan and Tohru Fukuyama},
  title = {Total Synthesis of ($\pm$)-Morphine},
  journal = {Organic Letters}
}

@article{Chen2009,
  doi = {10.1038/nature08043},
  year  = {2009},
  month = {5},
  publisher = {Springer Nature},
  volume = {459},
  number = {7248},
  pages = {824--828},
  author = {Ke Chen and Phil S. Baran},
  title = {Total synthesis of eudesmane terpenes by site-selective C{\textendash}H oxidations},
  journal = {Nature}
}

@article{Vgtle1992,
  doi = {10.1002/anie.199210691},
  year  = {1992},
  month = {8},
  publisher = {Wiley},
  volume = {31},
  number = {8},
  pages = {1069--1071},
  author = {Fritz V\"{o}gtle and Jens Gross and Christian Seel and Martin Nieger},
  title = {{C\textsubscript{36}H\textsubscript{36}}-Tetrahedral Clamping of Four Benzene Rings in a Spherical Hydrocarbon Framework},
  journal = {Angewandte Chemie International Edition in English}
}

@article{Chanteau2003,
  doi = {10.1021/jo0349227},
  year  = {2003},
  month = {11},
  publisher = {American Chemical Society ({ACS})},
  volume = {68},
  number = {23},
  pages = {8750--8766},
  author = {Stephanie H. Chanteau and James M. Tour},
  title = {Synthesis of Anthropomorphic Molecules:~ The {NanoPutians}},
  journal = {The Journal of Organic Chemistry}
}

@article{Cheng2013,
  doi = {10.1021/ol303351y},
  year  = {2013},
  month = {1},
  publisher = {American Chemical Society ({ACS})},
  volume = {15},
  number = {4},
  pages = {764--767},
  author = {Li-Jie Cheng and Jian-Hua Xie and Yong Chen and Li-Xin Wang and Qi-Lin Zhou},
  title = {Enantioselective Total Synthesis of {($-$)}-{$\Delta^8$}-{THC} and {($-$)}-{$\Delta^9$}-{THC} via Catalytic Asymmetric Hydrogenation and {Ar-S\textsubscript{N}} Cyclization},
  journal = {Organic Letters}
}

@article{Ballerini2010,
  doi = {10.1021/jo100785w},
  year  = {2010},
  month = {6},
  publisher = {American Chemical Society ({ACS})},
  volume = {75},
  number = {12},
  pages = {4251--4260},
  author = {Eleonora Ballerini and Lucio Minuti and Oriana Piermatti},
  title = {High-Pressure Diels-Alder Cycloadditions between Benzylideneacetones and 1, 3-Butadienes: Application to the Synthesis of ({\textit{R}}, {\textit{R}})-($-$)- and ({\textit{S}}, {\textit{S}})-($+$)-$\Delta^8$-Tetrahydrocannabinol},
  journal = {The Journal of Organic Chemistry}
}

@article{Whitlock1962,
  doi = {10.1021/ja00876a047},
  year  = {1962},
  month = {9},
  publisher = {American Chemical Society ({ACS})},
  volume = {84},
  number = {17},
  pages = {3412--3413},
  author = {H. W. Whitlock},
  title = {Tricyclo$[4.4.0.03.8]$decane},
  journal = {Journal of the American Chemical Society}
}

@article{Gauthier1967,
  doi = {10.1139/v67-052},
  year  = {1967},
  month = {2},
  publisher = {Canadian Science Publishing},
  volume = {45},
  number = {3},
  pages = {297--300},
  author = {Jean Gauthier and Pierre Deslongchamps},
  title = {A new synthesis of twistane},
  journal = {Canadian Journal of Chemistry}
}

@book{Robiquet1810,
  title={Exp{\'e}riences sur les cantharides},
  author={Robiquet, Pierre},
  year={1810},
  publisher={Perroneau}
}

@article{Stork1951,
  doi = {10.1021/ja01153a552},
  year  = {1951},
  month = {7},
  publisher = {American Chemical Society ({ACS})},
  volume = {73},
  number = {9},
  pages = {4501--4501},
  author = {Gilbert Stork and Eugene E. Van Tamelen and Leonard J. Friedman and Albert W. Burgstahler},
  title = {Cantharidin: A sterepspecific total synthesis},
  journal = {Journal of the American Chemical Society}
}

@article{Stork1981,
  doi = {10.1021/ja00406a050},
  year  = {1981},
  month = {8},
  publisher = {American Chemical Society ({ACS})},
  volume = {103},
  number = {16},
  pages = {4948--4949},
  author = {Gilbert Stork and G. Clark and Christopher S. Shiner},
  title = {New route to 11-oxygenated steroids},
  journal = {Journal of the American Chemical Society}
}

@article{McMurry1989,
  doi = {10.1021/ja00206a015},
  year  = {1989},
  month = {111},
  publisher = {American Chemical Society ({ACS})},
  volume = {111},
  number = {24},
  pages = {8867--8872},
  author = {John E. McMurry and Thomas Lectka and Carl N. Hodge},
  title = {The in-bicyclo$[4.4.4]$-1-tetradecyl cation: a stable substance with a three-center,  two-electron carbon-hydrogen-carbon bond},
  journal = {Journal of the American Chemical Society}
}

@article{J-1931,
  author={J E Lennard-Jones},
  title={Cohesion},
  journal={Proceedings of the Physical Society},
  volume={43},
  number={5},
  pages={461},
  year={1931},
}
@article{Warrener1997,
  doi = {10.1039/a700010c},
  year = {1997},
  publisher = {Royal Society of Chemistry ({RSC})},
  number = {11},
  pages = {1023--1024},
  author = {Ronald N. Warrener and Austin C. Schultz and Douglas N. Butler and Shudong Wang and Indu B. Mahadevan and Richard A. Russell},
  title = {A new building block technique based on cycloaddition chemistry for the regiospecific linking of alicyclic sub-units as a route to large,  custom-functionalised structures},
  journal = {Chemical Communications}
}

@article{Corey1969,
  doi = {10.1021/ja01048a062},
  year = {1969},
  month = 9,
  publisher = {American Chemical Society ({ACS})},
  volume = {91},
  number = {20},
  pages = {5675--5677},
  author = {Elias J. Corey and Ned M. Weinshenker and Thomas K. Schaaf and Willy Huber},
  title = {Stereo-controlled synthesis of dl-prostaglandins F\textsubscript{2$\alpha$} and E\textsubscript{2}},
  journal = {Journal of the American Chemical Society}
}

@article{Mori1996,
  doi = {10.1271/bbb.60.1925},
  year = {1996},
  month = 1,
  publisher = {Informa {UK} Limited},
  volume = {60},
  number = {12},
  pages = {1925--1932},
  author = {Kenji Mori},
  title = {Molecular Asymmetry and Pheromone Science},
  journal = {Bioscience,  Biotechnology,  and Biochemistry}
}

@article{Naef1984,
  doi = {10.1002/chin.198407321},
  year = {1984},
  month = 2,
  publisher = {Wiley},
  volume = {15},
  number = {7},
  pages = {175--176},
  author = {R. Naef and D. Seebah},
  title = {Four step EPC synthesis of ($+$)- or ($-$)-frontalin from latic acid. A first application Of the principle of self-reproduction of chirality},
  journal = {Chemischer Informationsdienst}
}

@article{Corey1974,
  doi = {10.1021/ja00827a046},
  year = {1974},
  month = 2,
  publisher = {American Chemical Society ({ACS})},
  volume = {96},
  number = {20},
  pages = {6516--6517},
  author = {E. J. Corey and Richard D. Balanson},
  title = {Total synthesis of ($\pm$)-porantherine},
  journal = {Journal of the American Chemical Society}
}

@article{Roth1991,
  doi = {10.1021/jm00105a056},
  year = {1991},
  month = jan,
  publisher = {American Chemical Society ({ACS})},
  volume = {34},
  number = {1},
  pages = {357--366},
  author = {Bruce D. Roth and C. J. Blankley and A. W. Chucholowski and E. Ferguson and M. L. Hoefle and D. F. Ortwine and R. S. Newton and C. S. Sekerke and D. R. Sliskovic and M Wilson},
  title = {Inhibitors of cholesterol biosynthesis. 3. Tetrahydro-4-hydroxy-6-[2-(1H-pyrrol-1-yl)ethyl]-2H-pyran 2-one inhibitors of {HMG}-{CoA} reductase. 2. Effects of introducing substituents at positions three and four of the pyrrole nucleus},
  journal = {Journal of Medicinal Chemistry}
}

@article{Donohoe2011,
  doi = {10.1021/ja207835w},
  year = {2011},
  month = 10,
  publisher = {American Chemical Society ({ACS})},
  volume = {133},
  number = {41},
  pages = {16418--16421},
  author = {Timothy J. Donohoe and Christopher R. Jones and Luiz C. A. Barbosa},
  title = {Total Synthesis of ($\pm$)-Streptonigrin: De Novo Construction of a Pentasubstituted Pyridine using Ring-Closing Metathesis},
  journal = {Journal of the American Chemical Society}
}

@article{Canizarro1851,
  title={Recherche sur les amides cyaniques},
  author={Cannizzaro, S and Clo{\"e}z, S},
  journal={Comptes rendues de l’académie des sciences},
  volume={32},
  pages={62--64},
  year={1851}
}

@article{McCall2004,
  doi = {10.1103/physreva.70.052716},
  year = {2004},
  pages = {052716},
  month = 11,
  publisher = {American Physical Society ({APS})},
  volume = {70},
  number = {5},
  author = {B. J. McCall and A. J. Huneycutt and R. J. Saykally and N. Djuric and G. H. Dunn and J. Semaniak and O. Novotny and A. Al-Khalili and A. Ehlerding and F. Hellberg and S. Kalhori and A. Neau and R. D. Thomas and A. Paal and F. \"{O}sterdahl and M. Larsson},
  title = {Dissociative recombination of rotationally cold H\textsuperscript{3+}},
  journal = {Physical Review A},
}

@article{Li2001,
  doi = {10.1126/science.291.5505.859},
  year = {2001},
  month = 2,
  publisher = {American Association for the Advancement of Science ({AAAS})},
  volume = {291},
  number = {5505},
  pages = {859--861},
  author = {X. Li},
  title = {Observation of All-Metal Aromatic Molecules},
  journal = {Science}
}

@article{Kuhn2011,
  doi = {10.1002/anie.201105081},
  year = {2011},
  month = 10,
  publisher = {Wiley},
  volume = {50},
  number = {50},
  pages = {12099--12102},
  author = {Alexander Kuhn and Puravankara Sreeraj and Rainer P\"{o}ttgen and Hans-Dieter Wiemh\"{o}fer and Martin Wilkening and Paul Heitjans},
  title = {Li {NMR} Spectroscopy on Crystalline Li\textsubscript{12}Si\textsubscript{7}: Experimental Evidence for the Aromaticity of the Planar Cyclopentadienyl-Analogous Si56- Rings},
  journal = {Angewandte Chemie International Edition}
}

@article{Zhang2014,
  doi = {10.1021/jz500322n},
  year = {2014},
  month = 4,
  publisher = {American Chemical Society ({ACS})},
  volume = {5},
  number = {9},
  pages = {1596--1601},
  author = {Xinxing Zhang and Gaoxiang Liu and Gerd Gantef\"{o}r and Kit H. Bowen and Anastassia N. Alexandrova},
  title = {$\text{PtZnH}_5^-$,  A $\unitgma$-Aromatic Cluster},
  journal = {The Journal of Physical Chemistry Letters}
}

@article{Diels1928,
  doi = {10.1002/jlac.19284600106},
  year = {1928},
  publisher = {Wiley},
  volume = {460},
  number = {1},
  pages = {98--122},
  author = {Otto Diels and Kurt Alder},
  title = {Synthesen in der hydroaromatischen Reihe},
  journal = {Justus Liebig's Annalen der Chemie}
}