@online{jakler,
    author = "Jackler Nichele",
    title  = "Uma proposta de modelo de artigo científico para uso em cursos de graduação de engenharia",
    url    = "sites.google.com/view/imejakler",
}

@online{koma,
    author = "Markus Kohm",
    title  = "\texttt{koma-script} -- A bundle of versatile classes and packages",
    url    = "komascript.de",
}