%%
%
% ARQUIVO: refs.bib
%
% VERSÃO: 1.0
% DATA: Maio de 2016
% AUTOR: Coordenação de Trabalhos Especiais SE/8
% 
%  Arquivo bibtex com as referências usadas no documento de PFC.
%
%   é preciso ter atenção a caracteres especiais em LaTeX (p.ex. '_' deve ser '\_',
%   '\' deve ser '\backslash', etc.).
%
%   erros indicados no capítulo de Referências Bibliográficas DEVEM SER CONSERTADOS SOMENTE AQUI.
%   EVITE alterar os demais arquivos de estilo.
%
%   itens marcados como OPCIONAL, podem ser REMOVIDOS da entrada bibtex (NÃO DEIXE EM BRANCO).
%
%%

% -----
% ARTIGO EM PERIÓDICO
%
%  itens: autor; título; periódico; volume; número (OPCIONAL); páginas; ano
% -----

@article{wiekema1980vapour,
  title={Vapour Cloud Explosion Model},
  author={Wiekema, BJ},
  journal={Journal of Hazardous Materials},
  volume={3},
  number={3},
  pages={221--232},
  year={1980},
  publisher={Elsevier}
}

@article{bjerketvedt1997gas,
  title={Gas Explosion Handbook},
  author={Bjerketvedt, Dag and Bakke, Jan Roar and Van Wingerden, Kees},
  journal={Journal of Hazardous Materials},
  volume={52},
  number={1},
  pages={1--150},
  year={1997},
  publisher={Elsevier}
}

% -----
% ARTIGO EM PERIÓDICO DE ACESSO ELETRÔNICO
%
%  itens: autor; título; periódico; volume; número (OPCIONAL); páginas (OPCIONAL); url; data de acesso; ano
% -----

@article{lammpsmanual,
	title={LAMMPS User’s Manual},
	author={Plimpton, Steve},
	journal={Sandia National Laboratory},
	year={2005},
	url={http://lammps.sandia.gov/doc/Manual.html},
	note={22 abr. 2018},
	volume={20 abr. 2018}
}

% -----
% LIVRO NO TODO
%
%  itens: autor; título; edição (OPCIONAL); local da editora (na falta, será apresentado [S.l.]);
%         editora (na falta, será apresentado [s.n.]); ano
% -----
@book{liu2002mesh,
  title={Meshfree Methods: Moving Beyond the Finite Element Method},
  author={Liu, Gui Rong},
  year={2002},
  publisher={CRC press},
  edition={2},
  address={Boca Raton}
}

% -----
% CAPÍTULO DE LIVRO
%
%  itens: autor do capítulo; título do capítulo; autor do livro (na falta, se entende que o autor do
%         livro é o mesmo do autor do capítulo); título do livro; edição do livro (OPCIONAL);
%         local da editora do livro (na falta, será apresentado [S.l.]);
%         editora do livro (na falta, será apresentado [s.n.]); páginas; ano
% -----
@inbook{Rakocevic2014,
  author = {Veselin Rakocevic},
  title = {Clustering for networks of moving objects},
  editor = {Ivan Ganchev and Marília Curado and Andreas Kassler},
  booktitle = {Wireless networking for moving objects},
  address = {Berlim},
  publisher = {Springer International Publishing},
  pages = {70--87},
  year = {2014}
}

% -----
% ARTIGO EM ANAIS/PROCEEDINGS
%
%  itens: autor do artigo; título do artigo; nome do evento; edição do evento;
%         nome do evento co-locado (p.ex. do Workshop ou Trilha, etc. OPCIONAL);
%         edição do evento co-locado (OPCIONAL); local do evento;
%         tipo do evento ('br' se nacional, 'intl' se internacional);
%         local da editora (na falta, será apresentado [S.l.]);
%         editora (na falta, será apresentado [s.n.]); páginas; ano
% -----
@inproceedings{Lara2014,
    author = {Patrick Lara and Ricardo Choren},
    title = {A protocol for command and control systems integration},
    booktitle = {International Conference on Enterprise Information Systems},
    edition = {16},
    series = {Workshop on Enterprise Architecture},
    number = {4},
    key = {Lisboa},
    type = {intl},
    address = {Setúbal},
    publisher = {SciTePress},
    pages = {484-489},
    year = {2014}
}

% -----
% ARTIGO EM ANAIS/PROCEEDINGS DE ACESSO ELETRÔNICO
%
%  itens: autor do artigo; título do artigo; nome do evento; edição do evento;
%         nome do evento co-locado (p.ex. do Workshop ou Trilha, etc. OPCIONAL);
%         edição do evento co-locado (OPCIONAL); local do evento;
%         tipo do evento ('br' se nacional, 'intl' se internacional);
%         local da editora (na falta, será apresentado [S.l.]);
%         editora (na falta, será apresentado [s.n.]); url; data de acesso;
%         páginas (OPCIONAL); ano
% -----
@inproceedings{Soares2013,
    author = {Monique Soares and Carla Silva and Gabriela Guedes and Jaelson Castro and Cleice Souza and Tarcisio Pereira},
    title = {Using tranformation rules to align requirements and archictectural models},
    booktitle = {Simpósio Brasileiro de Engenharia de Software},
    edition = {27},
    key = {Brasília},
    type = {br},
    address = {Porto Alegre},
    publisher = {Sociedade Brasileira de Computação},
    url = {http://cbsoft2013.unb.br/wp-content/uploads/2013/10/SBES-completo.pdf},
    note = {31 nov. de 2015},
    pages = {26--35},
    year = {2013}
}

% -----
% ANAIS/PROCEEDINGS NO TODO
%
%  itens: nome do evento; sigla do evento; edição do evento;
%         tipo do evento ('br' se nacional, 'intl' se internacional);
%         local do evento (na falta, será apresentado [S.l.]);
%         editora dos anais/proceedings (na falta, será apresentado [s.n.]);
%         url (se acesso ao documento for eletrônico, OPCIONAL); data de acesso (OPCIONAL); ano
% -----
@event{icse2015,
    key = {International Conference on Software Engineering},
    series = {ICSE},
    edition = {37},
    type = {intl},
    address = {Florença},
    publisher = {IEEE},
    url = {http://ieeexplore.ieee.org/xpl/mostRecentIssue.jsp?punumber=7174815},
    note = {31 nov. de 2015},
    year = {2015}
}

% -----
% TESE DE DOUTORADO
%
%  itens: autor; título; número de páginas (OPCIONAL); nome do curso de doutorado;
%         universidade do curso de doutorado; local da universidade do curso de doutorado;
%         url (se acesso ao documento for eletrônico, OPCIONAL); data de acesso (OPCIONAL); ano
% -----

@phdthesis{letivan2006propostas,
  title={Propostas de distancias de seguran{\c{c}}a para edifica{\c{c}}{\~o}es com base em estudos de efeitos de explos{\~o}es referenciados ao equivalente TNT},
  author={Mendon{\c{c}}a-Filho, Letivan Gon{\c{c}}alves de},
  year={2006},
  series = {Doutorado em Engenharia Química},
  school = {Universidade Estadual de Campinas},
  address = {Campinas}
}

@phdthesis{Yoko2003,
    author = {Maria Claudia Reis Cavalcanti},
    title = {Gerência de recursos científicos: Apoiando a realização de experimentos in silico},
    pages = {100},
    series = {Doutorado em Engenharia de Sistemas e Computação},
    school = {Universidade Federal do Rio de Janeiro},
    address = {Rio de Janeiro},
    year = {2003}
}

@phdthesis{baetaneves2014,
  title={Modelagem Computacional de Uma Carga Oca},
  author={Ba{\^e}ta-Neves, Alessandro Piccaglia},
  year={2014},
  series = {Doutorado em Engenharia de Defesa},
  school = {Instituto Militar de Engenharia},
  address = {Rio de Janeiro}
}

% -----
% DISSERTAÇÃO DE MESTRADO
%
%  itens: autor; título; número de páginas (OPCIONAL); nome do curso de mestrado;
%         universidade do curso de mestrado; local da universidade do curso de mestrado;
%         url (se acesso ao documento for eletrônico, OPCIONAL); data de acesso (OPCIONAL); ano
% -----

@mscthesis{edio2012,
    author = {\'Edio Pereira J\'unior Lima},
    title = {Simulação Computacional do Colapso do Cone de Carga Oca sob Efeito de Onda de Detonação},
    pages = {150},
    series = {Mestrado em Engenharia Mec\^anica},
    school = {Instituto Militar de Engenharia},
    address = {Rio de Janeiro},
    year = {2012}
}

@mscthesis{ricardo2014,
    author = {Ricardo Dias Santos},
    title = {Uma Formula{\c{c}}{\~a}o Impl\'icita para o M\'etodo Smoothed Particle
Hydrodynamics},
    pages = {103},
    series = {Mestrado em Modelagem Computacional},
    school = {Universidade do Estado do Rio de Janeiro},
    address = {Nova Friburgo},
    year = {2014}
}

% -----
% TRABALHO DE CONCLUSÃO DE CURSO DE GRADUAÇÃO
%
%  itens: autor; título; número de páginas (OPCIONAL); nome do curso de graduação;
%         universidade do curso de graduação; local da universidade do curso de graduação;
%         url (se acesso ao documento for eletrônico, OPCIONAL); data de acesso (OPCIONAL); ano
% -----
@ugdthesis{Araujo2015,
    author = {Arthur Fernandes Araujo and Maiara Barroso Cardoso Reinaldo},
    title = {Instalação e configuração de serviços Web para disponibilização de dados espaciais em operações militares},
    pages = {73},
    series = {Graduação em Engeharia de Computação Computação},
    school = {Instituto Militar de Engenharia},
    address = {Rio de Janeiro},
    year = {2015}
}

% -----
% RELATÓRIO TÉCNICO
%
%  itens: autor; título;
%         local da universidade/editora do relatório técnico (na falta, será apresentado [S.l.]);
%         universidade/editora do relatório técnico (na falta, será apresentado [s.n.]);
%         número de páginas (OPCIONAL); número do relatório técnico (OPCIONAL);  ano
%
%         se acesso ao relatório técnico for eletrônico, NÃO USE techreport. USE siteurl (VER ABAIXO).
% -----
@techreport{Gubitoso1992,
    author = {Mario Dorneles Gubitoso and Carlos Zara},
    title = {Máquina worm: simulador de máquinas paralelas},
    address = {São Paulo},
    publisher = {IME-USP},
    pages = {29},
    number = {Rt-Mac-8908},
    year = {1992}
}

@techreport{gurney1943initial,
  title={The Initial Velocities of Fragments from Bombs, Shell, Grenades},
  author={Gurney, Ronald W},
  year={1943},
  address={Aberdeen},
  publisher={Army Ballistic Research Laboratory}
}

@techreport{larcher2008pressure,
  title={Pressure-time functions for the description of air blast waves},
  author={Larcher, Martin},
  journal={JRC technical note},
  volume={46829},
  year={2008},
  publisher={Joint Research Centre, European Commission}
}


% -----
% PÁGINA/DOCUMENTO NA WEB
%
%  itens: autor (da página da Web-ou do detentor dos direitos da página, caso não haja autor- ou do documento);
%         título (da página da Web-campo <title>- ou do documento, caso não haja campo <title>;
%         url; data de acesso; ano
% -----
@siteurl{Folha2015,
    author = {Folha de São Paulo},
    title = {Instituto Militar de Engenharia (IME) - Perfil de Universidades e Faculdades - Ranking Universitário Folha - 2015},
    url = {http://ruf.folha.uol.com.br/2015/perfil/instituto-militar-de-engenharia-ime-633.shtml},
    note = {31 nov. de 2015},
    year = {2015}
}

@siteurl{explosive2015britannica,
    author={Norman Gardner Johnson},
    title={Explosive - Encyclopædia Britannica},
    url={https://www.britannica.com/technology/explosive},
    year={2015},
    note={22 abr. 2018}
}

@siteurl{folhadesp2004,
    author={{Folha de São Paulo}},
    title={Explosão em quartel do Exército foi ouvida a 1,5 km de distância},
    url={http://www1.folha.uol.com.br/folha/cotidiano/ult95u95797.shtml},
    year={2004},
    note={19 jun. 2018}
}

@siteurl{oglobo2004,
    author={{O Globo}},
    title={Explosão mata 3 em quartel},
    url={http://acervo.oglobo.globo.com/},
    year={2004},
    note={14 jul. 2018}
}