@book{Clayden,
  Author = {Jonathan Clayden and Nick Greeves and Stuart Warren},
  Title = {Organic Chemistry},
  Publisher = {Oxford University Press},
  Year = {2012},
  Edition = {2},
}

@book{Joule-Mills,
  Author = {John A. Joule and Keith Mills},
  Title = {Heterocyclic Chemistry},
  Publisher = {Wiley-Blackwell},
  Year = {2009},
  Edition = {3},
}

@book{March,
  Author = {Jerry March},
  Title = {March's Advanced Organic Chemistry},
  Publisher = {John Wiley \& Sons Ltd},
  Year = {2012},
  Edition = {7},
}

@book{Gil,
  Author = {Thomas. L. Gilchrist},
  Title = {Heterocyclic Chemistry},
  Publisher = {Prentice Hall},
  Year = {1997},
  Edition = {3},
}

@book{Kurti,
  Author = {Laszlo Kurti and Barbara Czako},
  Title = {Strategic Applications of Named Reactions in Organic Synthesis},
  Publisher = {Academic Press},
  Year = {2005},
  Edition = {1}
}

@book{Rosenberg,
  Author = {Jerome L Rosenberg and Lawrence Epstein},
  Title = {Schaum's Outline of College Chemistry},
  Publisher = {McGraw-Hill},
  Year = {2013},
  Edition = {10}
}

@book{Rayner,
  Author = {Geoff Rayner-Canham and Tina Overton},
  Title = {Descriptive Inorganic Chemistry},
  Publisher = {W. H. Freeman},
  Year = {2013},
  ISBN = {1464125570},
  Edition = {6},
}

@book{Saraeva,
  Author = {B. B. Bukhovtsev and V. D. Krivchenkov and G. Y. Myakishev and I. M. Saraeva},
  Title = {Problems in Elementary Physics},
  Publisher = {Mir Moscow},
  Year = {1971},
  ISBN = {0846407582},
}

@book{Irodov,
  title={Problem in General Physics},
  author={Irodov, Igorʹ Evgenʹevich},
  year={1988},
  Publisher = {Mir Moscow},
}

@book{AtkinsPhysical,
  Author = {Peter Atkins and Julio de Paula and James Keeler},
  Title = {Atkins' Physical Chemistry},
  Publisher = {Oxford University Press},
  Year = {2018},
  Edition = {11},
  ISBN = {0198769865},
}

@book{AtkinsGeneral,
  Author = {Peter Atkins and Loretta Jones and Leroy Laverman},
  Title = {Chemical Principles},
  Publisher = {W. H. Freeman},
  Year = {2012},
  ISBN = {1429288973},
}

@book{Evans,
  Editor = {David A. Evans},
  Author = {David A. Evans and Eric Jacobsen and Matthew D. Shair and Christina White and Keith A. Woerpel and Karl Scheidt and Ian Fleming and Robert M. William},
  Title = {Challenging Problems in Chemistry and Chemical Biology},
  Publisher = {Department of Chemistry and Chemical Biology, Harvard University},
  Year = {2003},
}

@book{Skoog,
  Author = {Douglas A. Skoog and Donald M. West and F. James Holler and Stanley R. Crouch},
  Title = {Fundamentals of Analytical Chemistry},
  Publisher = {Cengage Learning},
  Year = {2013},
  ISBN = {9780495558286},
}

@book{Keeler,
  Author = {James Keeler and Peter Wothers},
  Title = {Chemical Structure and Reactivity: An Integrated Approach},
  Publisher = {Oxford University Press},
  Year = {2013},
  ISBN = {9780199604135},
}

@book{PhysicalOrganic,
  Author = {Eric V. Anslyn and Dennis A. Dougherty},
  Title = {Modern Physical Organic Chemistry},
  Publisher = {University Science},
  Year = {2005},
  ISBN = {9781891389313},
}

@book{Solvents,
  Author = {Christian Reichardt and Thomas Welton},
  Title = {Solvents and Solvent Effects in Organic Chemistry},
  Publisher = {Wiley-VCH},
  Year = {2010},
  ISBN = {3527324739},
}