%------------------------------------------------
%   INTERNATIONAL CHEMISTRY OLYMPIAD
%------------------------------------------------

%% BOOKS

@book{IChOvol1,
  editor = {Anton Sirota},
  location = {Bratislava, Slovakia},
  year = {2008},
  title = {The Competition Problems from the International Chemistry Olympiads},
  volume = {1},
  publisher = {\textsc{iuventa} --- Slovak Youth Institute},
  isbn = {8080720827}
}

@book{IChOvol2,
  editor = {Anton Sirota},
  location = {Bratislava, Slovakia},
  year = {2009},
  title = {The Competition Problems from the International Chemistry Olympiads},
  volume = {2},
  publisher = {\textsc{iuventa} --- Slovak Youth Institute},
  isbn = {8080720926}
}

@book{IChOvol3,
  editor = {Anton Sirota},
  location = {Bratislava, Slovakia},
  year = {2014},
  title = {The Competition Problems from the International Chemistry Olympiads},
  volume = {3},
  publisher = {\textsc{iuventa} --- Slovak Youth Institute},
  isbn = {8080721541}
}

%% OLYMPIADS

@misc{IChO1968,
  location = {Prague, Czechoslovakia},
  date  = {1968-06-18/1968-06-21},
  title = {The \nth{1} International Chemistry Olympiad},
}

@misc{IChO1969,
  location = {Katowice, Poland},
  date  = {1969-06-16/1969-06-20},
  title = {The \nth{2} International Chemistry Olympiad},
}

@misc{IChO1970,
  location = {Budapest, Hungary},
  date  = {1970-07-01/1970-07-05},
  title = {The \nth{3} International Chemistry Olympiad},
}

@misc{IChO1972,
  location = {Moscow, Soviet Union},
  date  = {1972-07-01/1972-07-10},
  title = {The \nth{4} International Chemistry Olympiad},
}

@misc{IChO1973,
  location = {Sofia, Bulgaria},
  date  = {1973-07-01/1973-07-10},
  title = {The \nth{5} International Chemistry Olympiad},
}

@misc{IChO1974,
  location = {Bucuresti, Romania},
  date  = {1974-07-01/1974-07-10},
  title = {The \nth{6} International Chemistry Olympiad},
}

@misc{IChO1975,
  location = {Veszprém, Hungary},
  date  = {1975-07-01/1975-07-10},
  title = {The \nth{7} International Chemistry Olympiad},
}

@misc{IChO1976,
  location = {Halle, German Democratic Republic},
  date  = {1976-07-10/1976-07-19},
  title = {The \nth{8} International Chemistry Olympiad},
}

@misc{IChO1977,
  location = {Bratislava, Czechoslovakia},
  date  = {1977-07-04/1977-07-14},
  title = {The \nth{9} International Chemistry Olympiad},
}

@misc{IChO1978,
  location = {Torun, Poland},
  date  = {1978-07-03/1978-07-13},
  title = {The \nth{10} International Chemistry Olympiad},
}

@misc{IChO1979,
  location = {Leningrad, Soviet Union},
  date  = {1979-07-02/1979-07-11},
  title = {The \nth{11} International Chemistry Olympiad},
}

@misc{IChO1980,
  location = {Linz, Austria},
  date  = {1980-07-13/1980-07-23},
  title = {The \nth{12} International Chemistry Olympiad},
}

@misc{IChO1981,
  location = {Burgas, Bulgaria},
  date  = {1981-07-13/1981-07-23},
  title = {The \nth{13} International Chemistry Olympiad},
}

@misc{IChO1982,
  location = {Stockholm, Sweden},
  date  = {1982-07-03/1982-07-12},
  title = {The \nth{14} International Chemistry Olympiad},
}

@misc{IChO1983,
  location = {Timisoara, Romania},
  date  = {1983-07-03/1983-07-11},
  title = {The \nth{15} International Chemistry Olympiad},
}

@misc{IChO1984,
  location = {Frankfurt, German Federal Republic},
  date  = {1984-07-01/1984-07-10},
  title = {The \nth{16} International Chemistry Olympiad},
}

@misc{IChO1985,
  location = {Bratislava, Czechoslovakia},
  date  = {1985-07-01/1985-07-08},
  title = {The \nth{17} International Chemistry Olympiad},
}

@misc{IChO1986,
  location = {Leiden, Netherlands},
  date  = {1986-07-06/1986-07-15},
  title = {The \nth{18} International Chemistry Olympiad},
}

@misc{IChO1987,
  location = {Budapest, Hungary},
  date  = {1987-07-06/1987-07-15},
  title = {The \nth{19} International Chemistry Olympiad},
}

@misc{IChO1988,
  location = {Espoo, Finland},
  date  = {1988-07-02/1988-07-09},
  title = {The \nth{20} International Chemistry Olympiad},
}

@misc{IChO1989,
  location = {Halle, German Democratic Republic},
  date  = {1989-07-02/1989-07-10},
  title = {The \nth{21} International Chemistry Olympiad},
}

@misc{IChO1990,
  location = {Paris, France},
  date  = {1990-07-02/1990-07-10},
  title = {The \nth{22} International Chemistry Olympiad},
}

@misc{IChO1991,
  location = {Lodz, Poland},
  date  = {1991-07-07/1991-07-15},
  title = {The \nth{23} International Chemistry Olympiad},
}

@misc{IChO1992,
  location = {Pittsburg, United States of America},
  date  = {1992-07-11/1992-07-22},
  title = {The \nth{24} International Chemistry Olympiad},
}

@misc{IChO1993,
  location = {Perugia, Italy},
  date  = {1993-07-11/1993-07-22},
  title = {The \nth{25} International Chemistry Olympiad},
}

@misc{IChO1994,
  location = {Oslo, Norway},
  date  = {1994-07-03/1994-07-11},
  title = {The \nth{26} International Chemistry Olympiad},
}

@misc{IChO1995,
  location = {Beijing, China},
  date  = {1995-07-13/1995-07-20},
  title = {The \nth{27} International Chemistry Olympiad},
}

@misc{IChO1996,
  location = {Moscow, Russia},
  date  = {1996-07-14/1996-07-23},
  title = {The \nth{28} International Chemistry Olympiad},
}

@misc{IChO1997,
  location = {Montreal, Canada},
  date  = {1997-07-13/1997-07-22},
  title = {The \nth{29} International Chemistry Olympiad},
}

@misc{IChO1998,
  location = {Melbourne, Australia},
  date  = {1998-07-05/1998-07-14},
  title = {The \nth{30} International Chemistry Olympiad},
}

@misc{IChO1999,
  location = {Bangkok, Thailand},
  date  = {1999-07-03/1999-07-12},
  title = {The \nth{31} International Chemistry Olympiad},
}

@misc{IChO2000,
  location = {Copenhagen, Denmark},
  date  = {2000-07-02/2000-07-11},
  title = {The \nth{32} International Chemistry Olympiad},
}

@misc{IChO2001,
  location = {Mumbai, India},
  date  = {2002-07-06/2002-07-15},
  title = {The \nth{33} International Chemistry Olympiad},
}

@misc{IChO2002,
  location = {Groningen, The Netherlands},
  date  = {2002-07-05/2002-07-14},
  title = {The \nth{34} International Chemistry Olympiad},
}

@misc{IChO2003,
  location = {Athens, Greece},
  date  = {2003-07-05/2003-07-14},
  title = {The \nth{35} International Chemistry Olympiad},
}

@misc{IChO2004,
  location = {Kiel, Germany},
  date  = {2004-07-18/2004-07-27},
  title = {The \nth{36} International Chemistry Olympiad},
}

@misc{IChO2005,
  location = {Taipei, Taiwan},
  date  = {2005-07-16/2005-07-25},
  title = {The \nth{37} International Chemistry Olympiad},
}

@misc{IChO2006,
  location = {Gyeongsan, Korea},
  date  = {2006-07-02/2006-07-11},
  title = {The \nth{38} International Chemistry Olympiad},
}

@misc{IChO2007,
  location = {Moscow, Russia},
  date  = {2007-07-15/2007-07-24},
  title = {The \nth{39} International Chemistry Olympiad},
}

@misc{IChO2008,
  location = {Budapest, Hungary},
  date  = {2008-07-12/2008-07-21},
  title = {The \nth{40} International Chemistry Olympiad},
}

@misc{IChO2009,
  location = {Cambridge, United Kingdom},
  date  = {2009-07-18/2009-07-27},
  title = {The \nth{41} International Chemistry Olympiad},
}

@misc{IChO2010,
  location = {Tokyo, Japan},
  date  = {2010-07-19/2010-07-28},
  title = {The \nth{42} International Chemistry Olympiad},
}

@misc{IChO2011,
  location = {Ankara, Turkey},
  date  = {2010-07-09/2010-07-18},
  title = {The \nth{43} International Chemistry Olympiad},
}

@misc{IChO2012,
  location = {Washington, United States of America},
  date  = {2012-07-21/2012-07-30},
  title = {The \nth{44} International Chemistry Olympiad},
}

@misc{IChO2013,
  location = {Moscow, Russia},
  date  = {2013-07-15/2013-07-24},
  title = {The \nth{45} International Chemistry Olympiad},
}

@misc{IChO2014,
  location = {Hanoi, Vietnam},
  date  = {2014-07-20/2014-07-29},
  title = {The \nth{46} International Chemistry Olympiad},
}

@misc{IChO2015,
  location = {Baku, Azerbaijan},
  date  = {2015-07-20/2015-07-29},
  title = {The \nth{47} International Chemistry Olympiad},
}

@misc{IChO2016,
  location = {Tbilisi, Georgia},
  date  = {2016-07-23/2016-07-01},
  title = {The \nth{48} International Chemistry Olympiad},
}

@misc{IChO2017,
  location = {Nakhon Pathom, Thailand},
  date  = {2014-07-06/2014-07-15},
  title = {The \nth{49} International Chemistry Olympiad},
}

@misc{IChO2018,
  location = {Prague, Czech Republic},
  date  = {2018-07-15/2018-07-29},
  title = {The \nth{50} International Chemistry Olympiad},
}

@misc{IChO2019,
  location = {Paris, France},
  date  = {2019-07-21/2019-07-30},
  title = {The \nth{51} International Chemistry Olympiad},
}

%------------------------------------------------
%   INTERNATIONAL MENDELEEV OLYMPIAD
%------------------------------------------------

%% BOOKS

@book{Chem21,
  author = {Valeriy Vasil'evich Lunin and Valentine Georgievich Nenajdenko and Oxana Nikolaevna Ryzhova and Nikolay Egorovich Kuz{'}menko},
  title = {Chemistry of \nth{21} century},
  subtitle = {International Mendeleev Chemistry Olympiad},
  publisher = {Moscow University Press},
  year = {2007},
  editor = {Valeriy Vasil'evich Lunin},
  isbn = {5211053842},
}

%% OLYMPIADS

@misc{IMChO1997,
  location = {Yerevan, Armenia},
  date  = {1997-05-03/1997-05-10},
  title = {\foreignlanguage{russian}{XXXI Международная Менделеевская олимпиада}},
}

@misc{IMChO1998,
  location = {Cholpon-Ata, Kyrgyzstan},
  date  = {1998-05-02/1998-05-10},
  title = {\foreignlanguage{russian}{XXXII Международная Менделеевская олимпиада}},
}

@misc{IMChO1999,
  location = {Minsk, Belarus},
  date  = {1999-05-02/1999-05-09},
  title = {\foreignlanguage{russian}{XXXIII Международная Менделеевская олимпиада}},
}

@misc{IMChO2000,
  location = {Baku, Azerbaijan},
  date  = {2000-05-02/2000-05-10},
  title = {\foreignlanguage{russian}{XXXIV Международная Менделеевская олимпиада}},
}


@misc{IMChO2001,
  location = {Moscow, Russia},
  date  = {2001-05-02/2001-05-10},
  title = {\foreignlanguage{russian}{XXXV Международная Менделеевская олимпиада}},
}

@misc{IMChO2002,
  location = {Almaty, Kazakhstan},
  date  = {2002-05-02/2002-05-10},
  title = {\foreignlanguage{russian}{XXXVI Международная Менделеевская олимпиада}},
}

@misc{IMChO2003,
  location = {Moscow, Russia},
  date  = {2003-05-02/2003-05-10},
  title = {\foreignlanguage{russian}{XXXVII Международная Менделеевская олимпиада}},
}

@misc{IMChO2004,
  location = {Chisinau, Moldova},
  date  = {2004-05-02/2004-05-09},
  title = {\foreignlanguage{russian}{XXXVIII Международная Менделеевская олимпиада}},
}

@misc{IMChO2005,
  location = {Dushanbe, Tajikistan},
  date  = {2005-05-01/2005-05-07},
  title = {\foreignlanguage{russian}{XXXIX Международная Менделеевская олимпиада}},
}

@misc{IMChO2006,
  location = {Yerevan, Armenia},
  date  = {2006-05-02/2006-05-09},
  title = {\foreignlanguage{russian}{XXXX Международная Менделеевская олимпиада}},
}

@misc{IMChO2007,
  location = {Minsk, Belarus},
  date  = {2007-05-02/2007-05-10},
  title = {\foreignlanguage{russian}{XXXXI Международная Менделеевская олимпиада}},
}

@misc{IMChO2008,
  location = {Tashkent, Uzbekistan},
  date  = {2008-04-27/2008-05-4},
  title = {\foreignlanguage{russian}{XXXXII Международная Менделеевская олимпиада}},
}

@misc{IMChO2009,
  location = {Ashgabat, Turkmenistan},
  date  = {2009-04-25/2009-05-2},
  title = {\foreignlanguage{russian}{XXXXIII Международная Менделеевская олимпиада}},
}

@misc{IMChO2010,
  location = {Baku, Azerbaijan},
  date  = {2010-04-27/2010-05-3},
  title = {\foreignlanguage{russian}{XXXXIV Международная Менделеевская олимпиада}},
}

@misc{IMChO2011,
  location = {Moscow, Russia},
  date  = {2010-04-25/2010-04-30},
  title = {\foreignlanguage{russian}{XXXXV Международная Менделеевская олимпиада}},
}

@misc{IMChO2012,
  location = {Astana, Kazakhstan},
  date  = {2012-04-23/2012-04-29},
  title = {\foreignlanguage{russian}{XXXXVI Международная Менделеевская олимпиада}},
}

@misc{IMChO2013,
  location = {Tashkent, Uzbekistan},
  date  = {2013-04-24/2013-04-30},
  title = {\foreignlanguage{russian}{XXXXVII Международная Менделеевская олимпиада}},
}

@misc{IMChO2014,
  location = {Moscow, Russia},
  date  = {2014-05-11/2014-05-18},
  title = {\foreignlanguage{russian}{XXXXVIII Международная Менделеевская олимпиада}},
}

@misc{IMChO2015,
  location = {Yerevan, Armenia},
  date  = {2015-05-04/2015-05-09},
  title = {\foreignlanguage{russian}{XXXXIX Международная Менделеевская олимпиада}},
}

@misc{IMChO2016,
  location = {Moscow, Russia},
  date  = {2016-05-02/2016-05-07},
  title = {\foreignlanguage{russian}{L Международная Менделеевская олимпиада}},
}

@misc{IMChO2017,
  location = {Astana, Kazakhstan},
  date  = {2017-04-23/2017-04-29},
  title = {\foreignlanguage{russian}{LI Международная Менделеевская олимпиада}},
}

@misc{IMChO2018,
  location = {Minsk, Belarus},
  date  = {2018-04-23/2018-04-29},
  title = {\foreignlanguage{russian}{LII Международная Менделеевская олимпиада}},
}

@misc{IMChO2019,
  location = {Saint Petersburg, Russia},
  date  = {2019-04-21/2019-04-27},
  title = {\foreignlanguage{russian}{LIII Международная Менделеевская олимпиада}},
}

%------------------------------------------------
%   BRAZILIAN CHEMISTRY OLYMPIAD
%------------------------------------------------

@misc{OBQ2001,
  instituition = {Programa Nacional Olimpíadas de Química},
  location = {Teresina, Brazil},
  date  = {2002-04-22},
  title = {VII Olimpíada Brasileira de Química},
  subtitle = {Fase V}
}

@misc{OBQ2002,
  instituition = {Programa Nacional Olimpíadas de Química},
  location = {Teresina, Brazil},
  date  = {2003-05-10},
  title = {VIII Olimpíada Brasileira de Química},
  subtitle = {Fase V}
}

@misc{OBQ2003,
  instituition = {Programa Nacional Olimpíadas de Química},
  location = {Fortaleza, Brazil},
  date  = {2004-04-22},
  title = {IX Olimpíada Brasileira de Química},
  subtitle = {Fase V}
}

@misc{OBQ2004,
  instituition = {Programa Nacional Olimpíadas de Química},
  location = {Fortaleza, Brazil},
  date  = {2005-04-28},
  title = {X Olimpíada Brasileira de Química},
  subtitle = {Fase V}
}

@misc{OBQ2005,
  instituition = {Programa Nacional Olimpíadas de Química},
  location = {Teresina, Brazil},
  date  = {2006-04-26},
  title = {XI Olimpíada Brasileira de Química},
  subtitle = {Fase V}
}

@misc{OBQ2006,
  instituition = {Programa Nacional Olimpíadas de Química},
  location = {Teresina, Brazil},
  date  = {2007-04-20},
  title = {XII Olimpíada Brasileira de Química},
  subtitle = {Fase V}
}

@misc{OBQ2007,
  instituition = {Programa Nacional Olimpíadas de Química},
  location = {Teresina, Brazil},
  date  = {2008-04-26},
  title = {XIII Olimpíada Brasileira de Química},
  subtitle = {Fase V}
}

@misc{OBQ2008,
  instituition = {Programa Nacional Olimpíadas de Química},
  location = {Campinas, Brazil},
  date  = {2009-04-18},
  title = {XIV Olimpíada Brasileira de Química},
  subtitle = {Fase V}
}

@misc{OBQ2009,
  instituition = {Programa Nacional Olimpíadas de Química},
  location = {Campinas, Brazil},
  date  = {2010-04-17},
  title = {XV Olimpíada Brasileira de Química},
  subtitle = {Fase V}
}

@misc{OBQ2010,
  instituition = {Programa Nacional Olimpíadas de Química},
  location = {Belo Horizonte, Brazil},
  date  = {2011-04-16},
  title = {XVI Olimpíada Brasileira de Química},
  subtitle = {Fase V}
}

@misc{OBQ2011,
  instituition = {Programa Nacional Olimpíadas de Química},
  location = {Belo Horizonte, Brazil},
  date  = {2012-03-17},
  title = {XVII Olimpíada Brasileira de Química},
  subtitle = {Fase VI}
}

@misc{OBQ2012,
  instituition = {Programa Nacional Olimpíadas de Química},
  location = {Teresina, Brazil},
  date  = {2013-03-26},
  title = {XVIII Olimpíada Brasileira de Química},
  subtitle = {Fase VI}
}

@misc{OBQ2013,
  instituition = {Programa Nacional Olimpíadas de Química},
  location = {Teresina, Brazil},
  date  = {2014-03-26},
  title = {XIX Olimpíada Brasileira de Química},
  subtitle = {Fase VI}
}

@misc{OBQ2014,
  instituition = {Programa Nacional Olimpíadas de Química},
  location = {Natal, Brazil},
  date  = {2015-04-18},
  title = {XX Olimpíada Brasileira de Química},
  subtitle = {Fase VI}
}

@misc{OBQ2015,
  instituition = {Programa Nacional Olimpíadas de Química},
  location = {Natal, Brazil},
  date  = {2016-05-14},
  title = {XXI Olimpíada Brasileira de Química},
  subtitle = {Fase VI}
}

@misc{OBQ2016,
  instituition = {Programa Nacional Olimpíadas de Química},
  location = {Natal, Brazil},
  date  = {2017-04-18},
  title = {XXII Olimpíada Brasileira de Química},
  subtitle = {Fase VI}
}

@misc{OBQ2017,
  instituition = {Programa Nacional Olimpíadas de Química},
  location = {Belo Horizonte, Brazil},
  date  = {2018-04-25},
  title = {XXIII Olimpíada Brasileira de Química},
  subtitle = {Fase VI}
}

@misc{OBQ2018,
  instituition = {Programa Nacional Olimpíadas de Química},
  location = {Belo Horizonte, Brazil},
  date  = {2019-04-13},
  title = {XXIV Olimpíada Brasileira de Química},
  subtitle = {Fase VI}
}

%------------------------------------------------
%   CHINESE CHEMISTRY OLYMPIAD
%------------------------------------------------

@misc{CCO2015F,
  instituition = {Chinese Chemical Society},
  location = {Beijing, China},
  date  = {2015-11-28},
  title = {\nth{29} Chinese Chemistry Olympiad},
}

%------------------------------------------------
%   5 SCHOOL CHEMISTRY COMPETITION
%------------------------------------------------

@misc{5SC2017,
  location = {Tartu, Estonia},
  date  = {2017-01-12/2017-01-13},
  title = {52. Viie Kooli Vöistlus},
  subtitle = {Miina Härma Gümnaasiumis}
}

%------------------------------------------------
%   BELARUS CHEMISTRY COMPETITION
%------------------------------------------------

@misc{BRCO2010,
  location = {Gomel, Belarus},
  date  = {2010-03-29/2010-04-03},
  title = {\nth{44} Belarus Chemistry Olympiad},
  subtitle = {National Finals}
}

%------------------------------------------------
%   UK CHEMISTRY COMPETITION
%------------------------------------------------

@misc{UKCO2010,
  location = {Cambridge, England},
  date  = {2010-01-26/2010-02-11},
  title = {United Kingdom Chemistry Olympiad 2010},
  subtitle = {Round One}
}

%------------------------------------------------
%   GERMAN CHEMISTRY COMPETITION
%------------------------------------------------

@misc{GCO2003,
  location = {Germany},
  date  = {2003},
  title = {National German competition for the IChO in 2003},
  subtitle = {Round 4 (theoretical)}
}

